<?xml version="1.0" encoding="UTF-8"?><collection xmlns="http://www.loc.gov/MARC21/slim"><record><leader>00572nam--2200205-u-4500</leader><controlfield tag="001">000051274</controlfield><controlfield tag="002">20161230</controlfield><controlfield tag="005">20161230201049</controlfield><controlfield tag="008">080610s1000------------r-----000-0-eng-d</controlfield><datafield ind1=" " ind2=" " tag="020"><subfield code="a">981-02-4675-7</subfield></datafield><datafield ind1=" " ind2=" " tag="040"><subfield code="a">IFIN-HH</subfield></datafield><datafield ind1=" " ind2=" " tag="080"><subfield code="a">515.162</subfield></datafield><datafield ind1="1" ind2=" " tag="100"><subfield code="a">Ohtsuki, Tomotada</subfield></datafield><datafield ind1="1" ind2="0" tag="245"><subfield code="a">Qunatum Invariants. A Study of Knots, 3-Manifolds, and Their Sets</subfield></datafield><datafield ind1=" " ind2=" " tag="260"><subfield code="a">Singapore</subfield><subfield code="b">World Scientific</subfield><subfield code="c">2002</subfield></datafield><datafield ind1=" " ind2=" " tag="300"><subfield code="a">489 p</subfield></datafield><datafield ind1=" " ind2=" " tag="490"><subfield code="a">Series on Knots and Everything</subfield><subfield code="v">vol. 29</subfield></datafield><datafield ind1="1" ind2=" " tag="700"><subfield code="a">Tomotada Ohtsuki</subfield></datafield><datafield ind1=" " ind2=" " tag="852"><subfield code="a">81708</subfield><subfield code="c">513.83</subfield></datafield><datafield ind1=" " ind2=" " tag="CAT"><subfield code="a">Sys</subfield><subfield code="c">20080610</subfield><subfield code="h">100001</subfield></datafield></record></collection>